@article{valdez2021container,
  title={A container-based cloud-native architecture for the reproducible execution of multi-population optimization algorithms},
  author={Valdez, Mario Garc{\'\i}a and Guerv{\'o}s, Juan J Merelo},
  journal={Future Generation Computer Systems},
  volume={116},
  pages={234--252},
  year={2021},
  publisher={Elsevier}
}

@article{krejca2020lower,
  title={Lower bounds on the run time of the univariate marginal distribution algorithm on OneMax},
  author={Krejca, Martin S and Witt, Carsten},
  journal={Theoretical Computer Science},
  volume={832},
  pages={143--165},
  year={2020},
  publisher={Elsevier}
}

@article{witt2019upper,
  title={Upper bounds on the running time of the univariate marginal distribution algorithm on OneMax},
  author={Witt, Carsten},
  journal={Algorithmica},
  volume={81},
  number={2},
  pages={632--667},
  year={2019},
  publisher={Springer}
}

@article{merelo2016nodio,
  title={NodIO, a JavaScript framework for volunteer-based evolutionary algorithms: first results},
  author={Merelo, Juan-J and Garc{\'\i}a-Valdez, Mario and Castillo, Pedro A and Garc{\'\i}a-S{\'a}nchez, Pablo and Cuevas, P and Rico, Nuria},
  journal={arXiv preprint arXiv:1601.01607},
  year={2016}
}

@inproceedings{merelo2016performance,
  title={Performance for the masses: Experiments with A web based architecture to harness volunteer resources for low cost distributed evolutionary computation},
  author={Merelo, Juan J and Castillo, Pedro A and Garc{\'\i}a-S{\'a}nchez, Pablo and de las Cuevas, Paloma and Rico, Nuria and Garc{\'\i}a Valdez, Mario},
  booktitle={Proceedings of the Genetic and Evolutionary Computation Conference 2016},
  pages={837--844},
  year={2016}
}

@article{fortin2012deap,
  title={DEAP: Evolutionary algorithms made easy},
  author={Fortin, F{\'e}lix-Antoine and De Rainville, Fran{\c{c}}ois-Michel and Gardner, Marc-Andr{\'e} Gardner and Parizeau, Marc and Gagn{\'e}, Christian},
  journal={The Journal of Machine Learning Research},
  volume={13},
  number={1},
  pages={2171--2175},
  year={2012},
  publisher={JMLR. org}
}

@article{stanley2002evolving,
  title={Evolving neural networks through augmenting topologies},
  author={Stanley, Kenneth O and Miikkulainen, Risto},
  journal={Evolutionary computation},
  volume={10},
  number={2},
  pages={99--127},
  year={2002},
  publisher={MIT Press}
}

@incollection{miikkulainen2019evolving,
  title={Evolving deep neural networks},
  author={Miikkulainen, Risto and Liang, Jason and Meyerson, Elliot and Rawal, Aditya and Fink, Daniel and Francon, Olivier and Raju, Bala and Shahrzad, Hormoz and Navruzyan, Arshak and Duffy, Nigel and others},
  booktitle={Artificial intelligence in the age of neural networks and brain computing},
  pages={293--312},
  year={2019},
  publisher={Elsevier}
}

@article{ref_article1,
  title={A container-based cloud-native architecture for the reproducible execution of multi-population optimization algorithms},
  author={Valdez, Mario Garc{\'\i}a and Guerv{\'o}s, Juan J Merelo},
  journal={Future Generation Computer Systems},
  volume={116},
  pages={234--252},
  year={2021},
  publisher={Elsevier}
}

@article{ref_lncs1,
  title={A container-based cloud-native architecture for the reproducible execution of multi-population optimization algorithms},
  author={Valdez, Mario Garc{\'\i}a and Guerv{\'o}s, Juan J Merelo},
  journal={Future Generation Computer Systems},
  volume={116},
  pages={234--252},
  year={2021},
  publisher={Elsevier}
}

@article{ref_book1,
  title={A container-based cloud-native architecture for the reproducible execution of multi-population optimization algorithms},
  author={Valdez, Mario Garc{\'\i}a and Guerv{\'o}s, Juan J Merelo},
  journal={Future Generation Computer Systems},
  volume={116},
  pages={234--252},
  year={2021},
  publisher={Elsevier}
}

@article{ref_proc1,
  title={A container-based cloud-native architecture for the reproducible execution of multi-population optimization algorithms},
  author={Valdez, Mario Garc{\'\i}a and Guerv{\'o}s, Juan J Merelo},
  journal={Future Generation Computer Systems},
  volume={116},
  pages={234--252},
  year={2021},
  publisher={Elsevier}
}

@article{ref_url1,
  title={A container-based cloud-native architecture for the reproducible execution of multi-population optimization algorithms},
  author={Valdez, Mario Garc{\'\i}a and Guerv{\'o}s, Juan J Merelo},
  journal={Future Generation Computer Systems},
  volume={116},
  pages={234--252},
  year={2021},
  publisher={Elsevier}
}